@inproceedings{dumais2000hierarchical,
  title={Hierarchical classification of Web content},
  author={Dumais, S. and Chen, H.},
  booktitle={Proceedings of the 23rd annual international ACM SIGIR conference on Research and development in information retrieval},
  pages={256--263},
  year={2000},
  organization={ACM}
}